@book{cantwell2016introduction,
  author    = {Brian Cantwell},
  title     = {Introduction to Symmetry Analysis},
  year      = {2016},
  publisher = {Cambridge University Press}
}
@book{corry2017symmetry,
  author    = {Scott Corry},
  title     = {Symmetry and Quantum Mechanics},
  year      = {2017},
  publisher = {CRC Press},
  isbn      = {9781498701167},
  note      = {1st Edition}
}
@article{meyerExploitingSymmetryVariational2023,
  title        = {Exploiting Symmetry in Variational Quantum Machine Learning},
  author       = {Meyer, Johannes Jakob and Mularski, Marian and Gil-Fuster, Elies and Mele, Antonio Anna and Arzani, Francesco and Wilms, Alissa and Eisert, Jens},
  date         = {2023-03-17},
  journaltitle = {PRX Quantum},
  shortjournal = {PRX Quantum},
  volume       = {4},
  number       = {1},
  eprint       = {2205.06217},
  eprinttype   = {arXiv},
  eprintclass  = {quant-ph},
  pages        = {010328},
  issn         = {2691-3399},
  doi          = {10.1103/PRXQuantum.4.010328},
  url          = {http://arxiv.org/abs/2205.06217},
  urldate      = {2025-10-01}
}
@misc{ouderaaNoethersRazorLearning2024,
  title         = {Noether's Razor: {{Learning Conserved Quantities}}},
  shorttitle    = {Noether's Razor},
  author        = {van der Ouderaa, Tycho F. A. and van der Wilk, Mark and de Haan, Pim},
  year          = {2024},
  month         = oct,
  number        = {arXiv:2410.08087},
  eprint        = {2410.08087},
  primaryclass  = {cs},
  publisher     = {arXiv},
  doi           = {10.48550/arXiv.2410.08087},
  urldate       = {2025-09-23},
  archiveprefix = {arXiv},
  keywords      = {Computer Science - Machine Learning,Ground State/Time Evolution,HNN,Processed,Statistics - Machine Learning,Symmetries}
}
@book{shankar1994principles,
  title     = {Principles of Quantum Mechanics},
  author    = {Shankar, Ramamurti},
  year      = {1994},
  publisher = {Springer},
  address   = {New York},
  edition   = {2nd},
  isbn      = {9780306447907}
}

@book{vonNeumann:2018:MFQ,
  author     = {John von Neumann},
  title      = {Mathematical Foundations of Quantum Mechanics},
  publisher  = {Princeton University Press},
  year       = 2018,
  address    = {Princeton, NJ},
  isbn       = {978-0-691-17856-1},
  translator = {Robert T. Beyer},
  lccn       = {QC174.3 .V613 2018}
}
